<record xmlns="http://www.loc.gov/MARC21/slim" xmlns:xsi="http://www.w3.org/2001/XMLSchema-instance" xsi:schemaLocation="http://www.loc.gov/MARC21/slim http://www.loc.gov/standards/marcxml/schema/MARC21slim.xsd">

  <leader>00820nam a2200169Ia 4500</leader>
  <controlfield tag="008">160413b2009    cr a|||| |||| 00| | spa d</controlfield>
  <datafield tag="090" ind1=" " ind2=" ">
    <subfield code="a">DOC # 102</subfield>
  </datafield>
  <datafield tag="110" ind1="1" ind2=" ">
    <subfield code="a">Costa Rica. Ministerio de Educación Pública. Dirección Promoción y Protección de Derechos. Departamento de Promoción y Participación Estudiantil</subfield>
    <subfield code="9">1517</subfield>
  </datafield>
  <datafield tag="245" ind1="1" ind2="0">
    <subfield code="a">Buenas prácticas institucionales para la permanencia exitosa de la población estudiantil en el Sistema Educativo Costarricense /</subfield>
    <subfield code="c">Departamento de Promoción de los Derechos y Participación Estudiantil</subfield>
  </datafield>
  <datafield ind1=" " ind2=" " tag="260">
    <subfield code="a">San José, Costa Rica : </subfield>
    <subfield code="b">MEP, </subfield>
    <subfield code="c">2009</subfield>
  </datafield>
  <datafield tag="300" ind1=" " ind2=" ">
    <subfield code="a">30 páginas;</subfield>
    <subfield code="b">ilustraciones</subfield>
  </datafield>
  <datafield tag="650" ind1="1" ind2="4">
    <subfield code="a">DERECHO A LA EDUCACIÓN</subfield>
    <subfield code="9">599</subfield>
  </datafield>
  <datafield tag="650" ind2="4" ind1="1">
    <subfield code="a">ESTUDIANTES </subfield>
    <subfield code="9">332</subfield>
  </datafield>
  <datafield ind2="4" ind1="1" tag="650">
    <subfield code="a">PARTICIPACIÓN ESTUDIANTIL</subfield>
    <subfield code="9">1518</subfield>
  </datafield>
  <datafield ind2="4" ind1="1" tag="650">
    <subfield code="a">FACTORES DE PERMANENCIA</subfield>
    <subfield code="9">1377</subfield>
  </datafield>
  <datafield tag="942" ind2=" " ind1=" ">
    <subfield code="2">z</subfield>
    <subfield code="c">05</subfield>
  </datafield>
  <datafield tag="999" ind1=" " ind2=" ">
    <subfield code="c">2532</subfield>
    <subfield code="d">2532</subfield>
  </datafield>
</record>